<record><leader>00000cas a22000007a 4500</leader><controlfield tag="001">25721500</controlfield><controlfield tag="008">920427d19241926riuwr ne      0    0eng d</controlfield><datafield ind1=" " ind2=" " tag="010"><subfield code="a">sn 92064046 </subfield></datafield><datafield ind1=" " ind2=" " tag="040"><subfield code="a">RHN</subfield><subfield code="b">eng</subfield><subfield code="c">RHN</subfield><subfield code="d">OCLCQ</subfield></datafield><datafield ind1=" " ind2=" " tag="042"><subfield code="a">msc</subfield></datafield><datafield ind1="0" ind2="0" tag="245"><subfield code="a">Providence County times and Olneyville times.</subfield></datafield><datafield ind1=" " ind2=" " tag="260"><subfield code="a">Olneyville [Providence, R.I.] :</subfield><subfield code="b">Frank A. Chapman</subfield></datafield><datafield ind1=" " ind2=" " tag="300"><subfield code="a">v.</subfield></datafield><datafield ind1=" " ind2=" " tag="310"><subfield code="a">Weekly,</subfield><subfield code="b">Jan. 8-Apr. 16, 1926</subfield></datafield><datafield ind1=" " ind2=" " tag="321"><subfield code="a">Semiweekly,</subfield><subfield code="b">Apr. 15, 1924-Jan. 1, 1926</subfield></datafield><datafield ind1="0" ind2=" " tag="362"><subfield code="a">Vol. 36, no. 31 (Apr. 15, 1924)-v. 37, no. 117 (Apr. 16, 1926).</subfield></datafield><datafield ind1=" " ind2="4" tag="651"><subfield code="a">Olneyville (Providence, R.I.)</subfield><subfield code="v">Newspapers.</subfield></datafield><datafield ind1=" " ind2=" " tag="752"><subfield code="a">United States</subfield><subfield code="b">Rhode Island</subfield><subfield code="c">Providence</subfield><subfield code="d">Providence.</subfield></datafield><datafield ind1="0" ind2="0" tag="780"><subfield code="t">Providence County times (Providence, R.I. : 1917)</subfield><subfield code="w">(DLC)sn 92064045</subfield></datafield><datafield ind1="0" ind2="0" tag="785"><subfield code="t">Providence County times (Providence, R.I. : 1926)</subfield><subfield code="w">(DLC)sn 92064047</subfield></datafield></record>